@article{Abadi2015,
  title = {{TensorFlow: Large-scale machine learning on heterogeneous distributed systems}},
  author = {Abadi, Martin and Agarwal, Ashish and Barham, Paul and Brevdo, Eugene and Chen, Zhifeng and Citro, Craig and Corrado, Greg and Davis, Andy and Dean, Jeffrey and Devin, Matthieu and Ghemawat, Sanjay and Goodfellow, Ian and Harp, Andrew and Irving, Geoffrey and Isard, Michael and Jia, Yangqing and Kaiser, Lukasz and Kudlur, Manjunath and Levenberg, Josh and Man, Dan and Monga, Rajat and Moore, Sherry and Murray, Derek and Shlens, Jon and Steiner, Benoit and Sutskever, Ilya and Tucker, Paul and Vanhoucke, Vincent and Vasudevan, Vijay and Vinyals, Oriol and Warden, Pete and Wicke, Martin and Yu, Yuan and Zheng, Xiaoqiang},
  archivePrefix = {arXiv},
  eprint = {1603.04467},
  journal = {arXiv preprint},
  year = {2015}
}
@article{Adelson1985,
  title = {{Spatiotemporal energy models for the perception of motion}},
  author = {Adelson, Edward H and Bergen, James R},
  journal = {Journal of the Optical Society of America},
  number = {2},
  pages = {284--299},
  volume = {2},
  year = {1985}
}
@article{Alonso2008,
  title = {{Receptive field}},
  author = {Alonso, Jose Manuel and Chen, Yao},
  url = {http://www.scholarpedia.org/article/Receptive_field},
  year = {2008}
}
@article{Ashikhmin2003,
  title = {{Fast texture transfer}},
  author = {Ashikhmin, Michael},
  journal = {IEEE Computer Graphics and Applications},
  number = {4},
  pages = {38--42},
  volume = {23},
  year = {2003}
}
@article{Bahrampour2015,
  title = {{Comparative study of deep learning software frameworks}},
  author = {Bahrampour, Soheil and Ramakrishnan, Naveen and Schott, Lukas and Shah, Mohak},
  archivePrefix = {arXiv},
  eprint = {1511.06435},
  journal = {Journal of Marketing and Operations Management Research},
  number = {1},
  pages = {1--14},
  volume = {2},
  year = {2015}
}
@article{Baker2009,
  title = {{Updated MINDS report on speech recognition and understanding}},
  author = {Baker, Janet M and Deng, Li and Khudanpur, Sanjeev and Lee, Chin Hui and Glass, James R and Morgan, Nelson and O'Shaughnessy, Douglas},
  journal = {IEEE Signal Processing Magazine},
  number = {4},
  pages = {78--85},
  volume = {26},
  year = {2009}
}
@article{Bergstra2010,
  title = {{Theano: A CPU and GPU math compiler in Python}},
  author = {Bergstra, James and Breuleux, Olivier and Bastien, Fr{\'{e}}d{\'{e}}ric and Lamblin, Pascal and Pascanu, Razvan and Desjardins, Guillaume and Turian, Joseph and Warde-Farley, David and Bengio, Yoshua},
  journal = {Proceedings of the 9th Python for Scientific Computing Conference},
  pages = {1--7},
  year = {2010}
}
@misc{Bernacki2005,
  title = {{Backpropagation}},
  author = {Bernacki, Mariusz and W{\l}odarczyk, Przemys{\l}aw},
  booktitle = {Katedra Elektroniki AGH},
  url = {http://home.agh.edu.pl/~vlsi/AI/backp_t_en/backprop.html},
  urldate = {2016-08-21},
  year = {2005}
}
@article{Bottou2004,
  title = {{Large scale online learning}},
  author = {Bottou, L{\'e}on and LeCun, Yann},
  journal = {Advances in neural information processing systems},
  pages = {217},
  publisher = {MIT Press},
  volume = {16},
  year = {2004}
}
@article{Boureau2010,
  title = {{A theoretical analysis of feature pooling in visual recognition}},
  author = {Boureau, Y-Lan and Ponce, Jean and LeCun, Yann},
  journal = {Proceedings of the 27th International Conference on Machine Learning},
  pages = {111--118},
  year = {2010}
}
@article{Cheng2015,
  title = {{Deep colorization}},
  author = {Cheng, Zezhou},
  archivePrefix = {arXiv},
  eprint = {1605.00075},
  journal = {Proceedings of the IEEE International Conference on Computer Vision},
  pages = {415--423},
  volume = {1},
  year = {2015}
}
@article{Collobert2002,
  title = {{Torch: A modular machine learning software library}},
  author = {Collobert, Ronan and Bengio, Samy and Mariethoz, Johnny},
  pages = {7},
  year = {2002}
}
@article{Chen2012,
  title = {{Pipelined back-propagation for context-dependent deep neural networks}},
  author = {Chen, Xie and Eversole, Adam and Li, Gang and Yu, Dong and Seide, Frank},
  journal = {Proceedings of the 13th Annual Conference of the International Speech Communication Association},
  pages = {2--5},
  year = {2012}
}
@article{Dean2012,
  title = {{Large scale distributed deep networks}},
  author = {Dean, Jeffrey and Corrado, Greg S and Monga, Rajat and Chen, Kai and Devin, Matthieu and Le, Quoc V and Mao, Mark Z and Ranzato, Marc Aurelio and Senior, Andrew and Tucker, Paul and Yang, Ke and Ng, Andrew Y},
  journal = {Advances in Neural Information Processing Systems},
  pages = {1223--1231},
  year = {2012}
}
@article{Deng1999,
  title = {{Computational models for speech production}},
  author = {Deng, Li},
  journal = {Computational models of speech pattern processing},
  pages = {199--213},
  year = {1999}
}
@article{Deng2009,
  title = {{ImageNet: A large-scale hierarchical image database}},
  author = {Deng, Jia and Dong, Wei and Socher, Richard and Li, Li-Jia and Li, Kai and Fei-Fei, Li},
  journal = {Proceedings of the IEEE Conference on Computer Vision and Pattern Recognition},
  pages = {2--9},
  year = {2009}
}
@book{Deng2014,
  title = {{Deep Learning: Methods and applications}},
  author = {Deng, Li and Yu, Dong},
  year = {2014}
}
@article{Dosovitskiy2015,
  title = {{Inverting visual representations with convolutional networks}},
  author = {Dosovitskiy, Alexey and Brox, Thomas},
  archivePrefix = {arXiv},
  eprint = {1506.02753},
  journal = {arXiv preprint},
  year = {2015}
}
@article{Eigen2013,
  title = {{Restoring an image taken through a window covered with dirt or rain}},
  author = {Eigen, David and Krishnan, Dilip and Fergus, Rob},
  journal = {Proceedings of the IEEE Conference on Computer Vision and Pattern Recognition},
  pages = {633--640},
  year = {2013}
}
@article{Elgammal2004,
  title = {{Separating style and content on a nonlinear manifold}},
  author = {Elgammal, Ahmed and Lee, Chan-su},
  journal = {Proceedings of the IEEE Conference on Computer Vision and Pattern Recognition},
  pages = {478--485},
  volume = {1},
  year = {2004}
}
@misc{Esaak,
  title = {{What is the definition of art?}},
  author = {Esaak, Shelley},
  url = {http://arthistory.about.com/cs/reference/f/what_is_art.htm},
  urldate = {2016-07-14}
}
@article{Farley1954,
  title = {{Simulation of self-organizing systems by digital computer}},
  author = {Farley, B and Clark, W},
  journal = {Transactions of the IRE Professional Group on Information Theory},
  number = {4},
  pages = {76--84},
  volume = {4},
  year = {1954}
}
@article{Fei-Fei2007,
  title = {{Learning generative visual models from few training examples: An incremental Bayesian approach tested on 101 object categories}},
  author = {Fei-Fei, Li and Fergus, Rob and Perona, Pietro},
  journal = {Computer Vision and Image Understanding},
  number = {1},
  pages = {59--70},
  volume = {106},
  year = {2007}
}
@article{Freund1999,
  title = {{Large margin classification using the perceptron algorithm}},
  author = {Freund, Yoav and Schapire, Robert E},
  journal = {Machine Learning},
  number = {3},
  pages = {277--296},
  volume = {37},
  year = {1999}
}
@article{Fukushima1980,
  title = {{Neocognitron: A self-organizing neural network model for a mechanism of pattern recognition unaffected by shift in position}},
  author = {Fukushima, Kunihiko},
  journal = {Biological Cybernetics},
  number = {4},
  pages = {193--202},
  volume = {36},
  year = {1980}
}
@article{Gatys2015A,
  title = {{Texture synthesis using convolutional neural networks}},
  author = {Gatys, Leon A and Ecker, Alexander S and Bethge, Matthias},
  archivePrefix = {arXiv},
  eprint = {1505.07376},
  journal = {Advances in Neural Information Processing Systems},
  pages = {1--10},
  year = {2015}
}
@article{Gatys2015B,
  title = {{A neural algorithm of artistic style}},
  author = {Gatys, Leon A and Ecker, Alexander S and Bethge, Matthias},
  archivePrefix = {arXiv},
  eprint = {1508.06576},
  journal = {arXiv preprint},
  year = {2015}
}
@article{Griffin2007,
  title = {{Caltech-256 object category dataset}},
  author = {Griffin, Gregory and Holub, Alex and Perona, Pietro},
  year = {2007}
}
@incollection{Hairer2008,
  title = {{Analysis by its history}},
  author = {Hairer, Ernst and Wanner, Gerhard},
  booktitle = {Undergraduate Texts in Mathematics},
  chapter = {Calculus I},
  publisher = {Springer Science {\&} Business Media},
  year = {2008}
}
@article{Heeger1995,
  title = {{Pyramid-based texture analysis/synthesis}},
  author = {Heeger, David J and Bergen, James R},
  journal = {Proceedings of the 22nd annual conference on Computer graphics and interactive techniques},
  pages = {229--238},
  year = {1995}
}
@article{Hertzmann2001,
  title = {{Image analogies}},
  author = {Hertzmann, Aaron and Jacobs, Charles E and Oliver, Nuria and Curless, Brian and Salesin, David H},
  journal = {Proceedings of the 28th annual conference on Computer graphics and interactive techniques},
  pages = {327--340},
  year = {2001}
}
@article{Hinton1989,
  title = {{Connectionist learning procedures}},
  author = {Hinton, Geoffrey E},
  journal = {Artificial Intelligence},
  volume={40},
  number={1},
  pages={185--234},
  year={1989},
}
@article{Hinton2006,
title = {{A fast learning algorithm for deep belief nets}},
author = {Hinton, Geoffrey E and Osindero, Simon and Teh, Yee Whye},
journal = {Neural computation},
number = {7},
pages = {1527-1554},
volume = {18},
year = {2006}
}
@book{Horn2012,
  title = {{Matrix analysis}},
  author = {Horn, Roger A and Johnson, Charles R},
  publisher = {Cambridge University Press},
  year = {2012}
}
@article{Hornik1989,
  title = {{Multilayer feedforward networks are universal approximators}},
  author = {Hornik, Kurt and Stinchcombe, Maxwell and White, Halbert},
  journal = {Neural Networks},
  number = {5},
  pages = {359--366},
  volume = {2},
  year = {1989}
}
@article{Hubel1968,
  title = {{Receptive fields and functional architecture of monkey striate cortex}},
  author = {Hubel, David H and Wiesel, Torsten N},
  journal = {The Journal of Physiology},
  pages = {215--243},
  volume = {195},
  year = {1968}
}
@article{Jia2014,
  title = {{Caffe: Convolutional architecture for fast feature embedding}},
  author = {Jia, Yangqing and Shelhamer, Evan and Donahue, Jeff and Karayev, Sergey and Long, Jonathan and Girshick, Ross and Guadarrama, Sergio and Darrell, Trevor},
  archivePrefix = {arXiv},
  eprint = {1408.5093v1},
  journal = {arXiv preprint},
  year = {2014}
}
@misc{Johnson2015,
  title = {neural-style},
  author = {Johnson, Justin},
  year = {2015},
  publisher = {GitHub},
  journal = {GitHub repository},
  howpublished = {\url{https://github.com/jcjohnson/neural-style}},
}
@article{Johnson2016,
  title = {{Perceptual losses for real-time style transfer and super-resolution}},
  author = {Johnson, Justin and Alahi, Alexandre and Fei-Fei, Li},
  archivePrefix = {arXiv},
  eprint = {1603.08155},
  journal = {arXiv preprint},
  year = {2016}
}
@article{Julesz1962,
  title = {{Visual pattern discrimination}},
  author = {Julesz, Bela},
  journal = {IRE Transactions on Information Theory},
  pages = {41--46},
  volume = {49},
  year = {1962}
}
@article{Karayev2014,
  title = {{Recognizing image style}},
  author = {Karayev, Sergey and Trentacoste, Matthew and Han, Helen and Agarwala, Aseem and Darrell, Trevor and Hertzmann, Aaron and Winnemoeller, Holger},
  archivePrefix = {arXiv},
  eprint = {1311.3715},
  journal = {arXiv preprint},
  year = {2014}
}
@article{Kim2015,
  title = {{Accurate image super-resolution using very deep convolutional networks}},
  author = {Kim, Jiwon and Lee, Jung Kwon and Lee, Kyoung Mu},
  archivePrefix = {arXiv},
  eprint = {1511.04587},
  journal = {arXiv preprint},
  year = {2015}
}
@article{Krizhevsky2009,
  title = {{Learning multiple layers of features from tiny images}},
  author = {Krizhevsky, Alex},
  year = {2009}
}
@inproceedings{Krizhevsky2012,
  title = {{ImageNet classification with deep convolutional neural networks}},
  author = {Krizhevsky, Alex and Sulskever, Ilya and Hinton, Geoffret E},
  booktitle={Advances in neural information processing systems},
  pages = {1097--1105},
  year = {2012}
}
@article{Kyprianidis2013,
  title = {{State of the art: A taxonomy of artistic stylization techniques for images and video}},
  author = {Kyprianidis, Jan Eric and Collomosse, John and Wang, Tinghuai and Isenberg, Tobias},
  journal = {IEEE Transactions on Visualization and Computer Graphics},
  number = {5},
  pages = {866--885},
  volume = {19},
  year = {2013}
}
@misc{Lisa2010,
  title = {{LeNet architecture}},
  author = {{Laboratoire d'Informatique des Syst{\`{e}}mes Adaptatifs}},
  booktitle = {deeplearning.net},
  url = {http://deeplearning.net/tutorial/lenet.html},
  urldate = {2016-08-08},
  year = {2010}
}
@article{Lawrence1997,
  title = {{Face recognition: a convolutional neural-network approach}},
  author = {Lawrence, Steve and Giles, C Lee and Tsoi, Ah Chung and Back, Andrew D},
  journal = {IEEE Transactions on Neural Networks},
  number = {1},
  pages = {98--113},
  volume = {8},
  year = {1997}
}
@article{LeCun1995,
  title = {{Convolutional networks for images, speech, and time series}},
  author = {LeCun, Yann and Bengio, Yoshua},
  journal = {The Handbook of Brain Theory and Neural Networks},
  number = {April 2016},
  pages = {255--258},
  volume = {3361},
  year = {1995}
}
@article{LeCun1998,
  title = {{Gradient-based learning applied to document recognition}},
  author = {LeCun, Yann and Bottou, L{\'e}on and Bengio, Yoshua and Haffner, Patrick},
  journal = {Proceedings of the IEEE},
  number = {11},
  pages = {2278--2324},
  volume = {86},
  year = {1998}
}
@article{LeCun2004,
  title = {{Learning methods for generic object recognition with invariance to pose and lighting}},
  author = {LeCun, Yann and Huang, Fu Jie and Bottou, L{\'e}on},
  journal = {Proceedings of the IEEE Conference on Computer Vision and Pattern Recognition},
  year = {2004}
}
@article{Lee2010,
  title = {{Directional texture transfer}},
  author = {Lee, Hochang and Seo, Sanghyun and Ryoo, Seungtaek and Yoon, Kyunghyun},
  journal = {Proceedings of the 8th International Symposium on Non-Photorealistic Animation and Rendering},
  number = {212},
  pages = {43--48},
  volume = {1},
  year = {2010}
}
@article{Lin2011,
  title = {{Perceptual visual quality metrics: A survey}},
  author = {Lin, Weisi and {Jay Kuo}, CC},
  journal = {Journal of Visual Communication and Image Representation},
  number = {4},
  pages = {297--312},
  publisher = {Elsevier Inc.},
  volume = {22},
  year = {2011}
}
@article{Linnainmaa1976,
  title = {{Taylor expansion of the accumulated rounding error}},
  author = {Linnainmaa, Seppo},
  journal = {BIT Numerical Mathematics},
  number = {2},
  pages = {146--160},
  volume = {16},
  year = {1976}
}
@article{Lo2015,
  title = {{Understanding deep networks with gradients}},
  author = {Lo, Henry Z and Ding, Wei},
  journal = {Proceedings of the IEEE International Conference on Data Mining Workshop},
  pages = {1548--1555},
  year = {2015}
}
@article{Long2015,
  title = {{Fully convolutional networks for semantic segmentation}},
  author = {Long, Jonathan and Shelhamer, Evan and Darrell, Trevor},
  archivePrefix = {arXiv},
  eprint = {1411.4038},
  journal = {Proceedings of the IEEE Conference on Computer Vision and Pattern Recognition},
  pages = {3431--3440},
  year = {2015}
}
@article{Mahendran2014,
  title = {{Understanding deep image representations by inverting them}},
  author = {Mahendran, Aravindh and Vedaldi, Andrea},
  archivePrefix = {arXiv},
  eprint = {1412.0035},
  journal = {Proceedings of the IEEE Conference on Computer Vision and Pattern Recognition},
  year = {2014}
}
@article{Matan1992,
  title = {{Multi-digit recognition using a space displacement neural network}},
  author = {{Matan, Ofer and Burges, Christopher JC and LeCun, Yann and Denker, John S}},
  journal = {Advances in Neural Information Processing Systems},
  pages = {488--495},
  year = {1992}
}
@article{McCulloch1943,
  title = {{A logical calculus of the ideas immanent in nervous activity}},
  author = {McCulloch, Warren S and Pitts, Walter},
  journal = {The Bulletin of Mathematical Biophysics},
  number = {4},
  pages = {115--133},
  volume = {5},
  year = {1943}
}
@book{Minsky1969,
  title = {{Perceptrons}},
  author = {Minsky, Marvin and Papert, Seymour},
  publisher = {MIT Press},
  year = {1969}
}
@article{Molin2015,
  title = {{Pedestrian detection using convolutional neural networks}},
  author = {Molin, David},
  year = {2015}
}
@misc{Mordvintsev2015,
  title = {{Inceptionism: Going deeper into neural networks}},
  author = {Mordvintsev, Alexander and Olah, Christopher and Tyka, Mike},
  booktitle = {Google Research Blog},
  url = {https://research.googleblog.com/2015/06/inceptionism-going-deeper-into-neural.html},
  urldate = {2016-09-03},
  year = {2015}
}
@article{Nair2010,
  title = {{Rectified linear units improve restricted boltzmann machines}},
  author = {Nair, Vinod and Hinton, Geoffrey E},
  journal = {Proceedings of the 27th International Conference on Machine Learning},
  number = {3},
  pages = {807--814},
  year = {2010}
}
@article{Nguyen2014,
  title = {{Deep neural networks are easily fooled: High confidence predictions for unrecognizable images}},
  author = {Nguyen, Anh and Yosinski, Jason and Clune, Jeff},
  archivePrefix = {arXiv},
  eprint = {1412.1897},
  journal = {Proceedings of the IEEE Conference on Computer Vision and Pattern Recognition},
  year = {2014}
}
@article{Nikulin2016,
  title = {{Exploring the neural algorithm of artistic style}},
  author = {Nikulin, Yaroslav and Novak, Roman},
  archivePrefix = {arXiv},
  eprint = {1602.07188},
  journal = {arXiv preprint},
  year = {2016}
}
@incollection{Orr2008,
  title = {{Neural Networks: Tricks of the Trade}},
  author = {Orr, Genevieve B and M{\"u}ller, Klaus-Robert},
  chapter = {Efficient BackProp},
  year = {2008}
}
@book{Parker1985,
  title = {{Learning Logic}},
  author = {Parker, David B},
  year = {1985}
}
@article{Pinto2008,
  title = {{Why is real-world visual object recognition hard?}},
  author = {Pinto, Nicolas and Cox, David D and DiCarlo, James J},
  journal = {PLoS Computational Biology},
  number = {1},
  pages = {0151--0156},
  volume = {4},
  year = {2008}
}
@article{Portilla2000,
  title = {{Parametric texture model based on joint statistics of complex wavelet coefficients}},
  author = {Portilla, Javier and Simoncelli, Eero P},
  journal = {International Journal of Computer Vision},
  number = {1},
  pages = {49--71},
  volume = {40},
  year = {2000}
}
@article{Riesenhuber1999,
  title = {{Hierarchical models of object recognition in cortex}},
  author = {Riesenhuber, Maximilian and Poggio, Tomaso},
  journal = {Nature Neuroscience},
  number = {11},
  pages = {1019--1025},
  volume = {2},
  year = {1999}
}
@article{Rosenblatt1958,
  title = {{The perceptron: A probabilistic model for information storage and organization in the brain}},
  author = {Rosenblatt, Frank},
  journal = {Psychological Review},
  number = {6},
  pages = {386--408},
  volume = {65},
  year = {1958}
}
@article{Ruder2016,
  title = {{Artistic style transfer for videos}},
  author = {Ruder, Manuel and Dosovitskiy, Alexey and Brox, Thomas},
  archivePrefix = {arXiv},
  eprint = {1604.08610},
  journal = {arXiv preprint},
  year = {2016}
}
@article{Ruck1990,
  title = {{Feature selection using a multilayer perceptron}},
  author = {Ruck, Dennis W and Rogers, Steven K and Kabrisky, Matthew},
  journal = {Journal of Neural Network Computing},
  number={2},
  pages = {1--14},
  volume={2},
  year = {1990}
}
@article{Rumelhart1986,
  title = {{Learning representations by back-propagating errors}},
  author = {Rumelhart, David E and Hinton, Geoffrey E and Williams, Ronald J},
  journal = {Nature},
  number = {6088},
  pages = {533--536},
  volume = {323},
  year = {1986}
}
@article{Russakovsky2015,
  title = {{ImageNet Large Scale Visual Recognition Challenge}},
  author = {Russakovsky, Olga and Deng, Jia and Su, Hao and Krause, Jonathan and Satheesh, Sanjeev and Ma, Sean and Huang, Zhiheng and Karpathy, Andrej and Khosla, Aditya and Bernstein, Michael and Berg, Alexander C and Fei-Fei, Li},
  journal = {International Journal of Computer Vision},
  number = {3},
  pages = {211--252},
  volume = {115},
  year = {2015}
}
@article{Samuel1959,
  title = {{Some studies in machine learning using the game of checkers}},
  author = {Samuel, Artur L},
  journal = {IBM Journal of Research and Development},
  number = {3},
  pages = {210--229},
  volume = {3},
  year = {1959}
}
@article{Sherrington1906,
  title = {{Observations on the scratch-reflex in the spinal dog}},
  author = {Sherrington, Charles S},
  journal = {The Journal of Physiology},
  pages = {1--50},
  volume = {34},
  year = {1906}
}
@article{Simonyan2014,
  title = {{Very deep convolutional networks for large-scale image recognition}},
  author = {Simonyan, Karen and Zisserman, Andrew},
  archivePrefix = {arXiv},
  eprint = {1409.1556},
  journal = {arXiv preprint},
  year = {2014}
}
@article{Simonyan2014B,
  title = {{Deep inside convolutional networks: Visualising image classification models and saliency maps}},
  author = {Simonyan, Karen and Vedaldi, Andrea and Zisserman, Andrew},
  archivePrefix = {arXiv},
  eprint = {1312.6034},
  journal = {arXiv preprint},
  year = {2014}
}
@misc{Simonyan2014web,
  title = {{ILSVRC-2014 model with 19 weight layers}},
  author = {Simonyan, Karen and Zisserman, Andrew},
  booktitle = {GitHub},
  url = {https://gist.github.com/ksimonyan/3785162f95cd2d5fee77},
  urldate = {2016-08-30},
  year = {2014}
}
@misc{Socher2015,
  title = {{Vanishing gradients}},
  author = {Socher, Richard},
  booktitle = {cs224d.stanford.edu},
  url = {https://cs224d.stanford.edu/notebooks/vanishing_grad_example.html},
  urldate = {22-08-2016},
  year = {2015}
}
@article{Tenenbaum2000,
  title = {{Separating style and content with bilinear models}},
  author = {Tenenbaum, Joshua B and Freeman, William T},
  journal = {Neural Computation},
  number = {6},
  pages = {1247--1283},
  volume = {12},
  year = {2000}
}
@book{Thagard2008,
  title = {{Cognitive Science}},
  author = {Thagard, Paul},
  editor = {Zalta, Edward N},
  title = {The Stanford Encyclopedia of Philosophy},
  year = {2008}
}
@article{Thorpe1989,
  title = {{Biological constraints on connectionist modelling}},
  author = {Thorpe, Simon J and Imbert, Michel},
  journal = {Connectionism in Perspective},
  pages = {1--36},
  year = {1989}
}
@article{Ulyanov2016,
  title = {{Texture networks: Feed-forward synthesis of textures and stylized images}},
  author = {Ulyanov, Dmitry and Lebedev, Vadim and Vedaldi, Andrea and Lempitsky, Victor},
  archivePrefix = {arXiv},
  eprint = {1603.03417},
  journal = {arXiv preprint},
  year = {2016}
}
@article{Upchurch2016,
  title = {{From A to Z: Supervised transfer of style and content using deep neural network generators}},
  author = {Upchurch, Paul and Snavely, Noah and Bala, Kavita},
  archivePrefix = {arXiv},
  eprint = {1603.02003},
  journal = {arXiv preprint},
  year = {2016}
}
@article{Visin2015,
  title = {{ReNet: A recurrent neural network based alternative to convolutional networks}},
  author = {Visin, Francesco and Kastner, Kyle and Cho, Kyunghyun and Matteucci, Matteo and Courville, Aaron and Bengio, Yoshua},
  archivePrefix = {arXiv},
  eprint = {1505.00393},
  journal = {arXiv preprint},
  year = {2015}
}
@article{Werbos1974,
  title = {{Beyond regression: New tools for prediction and analysis in the behavioral sciences}},
  author = {Werbos, Paul},
  year = {1974}
}
@article{Wilkniss1998,
  title = {{WordNet: An electronic lexical database}},
  author = {Wilkniss, Sandra and Davis, Kristin},
  year = {1998}
}
@article{Xie2007,
title = {{Feature Guided Texture Synthesis (FGTS) for artistic style transfer}},
  author = {Xie, Xuexiang and Tian, Feng and Seah, Hock Soon},
  journal = {Proceedings of the 2nd International Conference on Digital Interactive Media in Entertainment and Arts},
  pages = {44},
  year = {2007}
}
@article{Yamins2016,
  title = {{Using goal-driven deep learning models to understand sensory cortex}},
  author = {Yamins, Daniel LK and Dicarlo, James J},
  journal = {Nature Neuroscience},
  number={3},
  pages={356--365},
  volume={19},
  year = {2016}
}
@article{Yin2016,
  title = {{Content-aware neural style transfer}},
  author = {Yin, Rujie},
  archivePrefix = {arXiv},
  eprint = {arXiv:1601.04568},
  journal = {arXiv preprint},
  year = {2016}
}
@article{Yosinski2015,
  title = {{Understanding neural networks through deep visualization}},
  author = {Yosinski, Jason and Clune, Jeff and Nguyen, Anh and Fuchs, Thomas and Lipson, Hod},
  archivePrefix = {arXiv},
  eprint = {1506.06579},
  journal = {International Conference on Machine Learning - Deep Learning Workshop 2015},
  year = {2015}
}
@article{Zadeh1994,
  title = {{Fuzzy logic, neural networks, and soft computing}},
  author = {Zadeh, Lofti A},
  journal = {Communications of the ACM},
  number = {3},
  pages = {77--85},
  volume = {37},
  year = {1994}
}
@article{Zeiler2014,
  title = {{Visualizing and understanding convolutional networks}},
  author = {Zeiler, Matthew D and Fergus, Rob},
  archivePrefix = {arXiv},
  eprint = {1311.2901},
  journal = {European Conference on Computer Vision},
  pages = {818--833},
  year = {2014}
}
@article{Zhang1999,
  title = {{Feature-based facial expression recognition: Sensitivity analysis and experiments with a multilayer perceptron}},
  author = {Zhang, Zhengyou},
  journal = {International Journal of Pattern Recognition and Artificial Intelligence},
  number = {06},
  pages = {893--911},
  volume = {13},
  year = {1999}
}
@article{Zhang2016,
  title = {{Colorful image colorization}},
  author = {Zhang, Richard and Isola, Phillip and Efros, Alexei A},
  archivePrefix = {arXiv},
  eprint = {1603.08511},
  journal = {arXiv preprint},
  year = {2016}
}
@article{Zhu1994,
  title = {{L-BFGS-B: Fortran subroutines for large-scale bound constrained optimization}},
  author = {Zhu, Ciyou and Byrd, Richard and Lu, Peihuang and Nocedal, Jorge},
  year = {1994}
}
@article{Zhu2008,
  title = {{Semi-supervised learning literature survey contents}},
  author = {Zhu, Xiaojin},
  year = {2008}
}


% -- Images --------------------------------------------------------------------

@image{AI4562013,
  title = {{Error surface of a linear neuron with two input weights}},
  author = {AI456},
  booktitle = {Wikipedia},
  url = {https://upload.wikimedia.org/wikipedia/commons/6/6d/Error_surface_of_a_linear_neuron_with_two_input_weights.png},
  urldate = {2016-08-21},
  year = {2013}
}
@image{Aphex342015,
  title = {{Convolutional layer}},
  author = {Aphex34},
  booktitle = {Wikipedia},
  url = {https://en.wikipedia.org/wiki/File:Conv_layer.png},
  urldate = {2016-08-04}
}
@image{Apple,
title = {{Kernel convolution}},
author = {Apple},
booktitle = {developer.apple.com},
url = {https://developer.apple.com/library/prerelease/content/documentation/Performance/Conceptual/vImage/ConvolutionOperations/ConvolutionOperations.html},
urldate = {2016-08-08}
}
@image{Goodspeed2015,
  title = {{Perceptron training}},
  author = {Goodspeed, Elizabeth},
  booktitle = {Wikipedia},
  url = {https://en.wikipedia.org/wiki/File:Perceptron_example.svg},
  urldate = {2016-08-16},
  year = {2015}
}
@image{Guerzhoy2016,
  title = {{Modern ConvNet architectures}},
  author = {Guerzhoy, Michael},
  booktitle = {University of Toronto},
  url = {http://www.cs.toronto.edu/~guerzhoy/321/lec/W06/convnets.pdf},
  urldate = {2016-08-06}
}
@image{Honorio2013,
  title = {{Human neuron vs. artificial neuron}},
  author = {Honório, Vinícius Gonçalves and Maria, Maltarollo Káthia and da Silva, Albérico Borges Ferreira},
  booktitle = {intechopen.com},
  url = {http://www.intechopen.com/books/artificial-neural-networks-architectures-and-applications/applications-of-artificial-neural-networks-in-chemical-problems},
  year = {2013}
}
@image{Karpathy,
  title = {{General pool}},
  author = {Karpathy, Andrej},
  booktitle = {Stanford Computer Science Class},
  url = {http://cs231n.github.io/convolutional-networks/#pool},
  urldate = {2016-08-07}
}
@image{Karpathya,
  title = {{Maxpool}},
  author = {Karpathy, Andrej},
  booktitle = {Stanford Computer Science Class},
  url = {http://cs231n.github.io/convolutional-networks/#pool},
  urldate = {2016-08-07}
}
@image{Medina2013,
  title = {{Neural network in Tikz}},
  author = {Medina, Gonzalo},
  booktitle = {tex.stackexchange.com},
  url = {http://tex.stackexchange.com/a/132471},
  urldate = {2016-08-15},
  year = {2013}
}
@image{Medina2013A,
  title = {{Multilayer perceptron in Tikz}},
  author = {Medina, Gonzalo},
  booktitle = {tex.stackexchange.com},
  url = {http://tex.stackexchange.com/a/132471},
  urldate = {2016-08-18},
  year = {2013}
}
@image{Wolf,
  title = {{Object recognition}},
  author = {Wolf, Lior},
  booktitle = {University of Tel Aviv},
  url = {http://www.cs.tau.ac.il/~wolf/OR2/},
  urldate = {2016-09-04}
}
